<?xml version="1.0" encoding="UTF-8"?><collection xmlns="http://www.loc.gov/MARC21/slim"><record><leader>00336nam--2200133-i-4500</leader><controlfield tag="001">000036170</controlfield><controlfield tag="002">20161230</controlfield><controlfield tag="005">20161230201040</controlfield><controlfield tag="008">060222s1000------------r-----000-0-eng-d</controlfield><datafield ind1=" " ind2=" " tag="080"><subfield code="a">543.53</subfield></datafield><datafield ind1=" " ind2=" " tag="100"><subfield code="a">Nascutiu, Tiberiu</subfield></datafield><datafield ind1=" " ind2=" " tag="245"><subfield code="a">Metode radiochimice de analiza</subfield></datafield><datafield ind1=" " ind2=" " tag="260"><subfield code="a">Bucuresti, Editura Academiei Rpr. 1973. 384p</subfield></datafield><datafield ind1=" " ind2=" " tag="852"><subfield code="a">39873</subfield></datafield></record></collection>